<record xmlns:xsi="http://www.w3.org/2001/XMLSchema-instance" xmlns="http://www.loc.gov/MARC21/slim" xsi:schemaLocation="http://www.loc.gov/MARC21/slim http://www.loc.gov/standards/marcxml/schema/MARC21slim.xsd">

  <leader>00686nam a2200205Ia 4500</leader>
  <datafield ind2=" " tag="090" ind1=" ">
    <subfield code="a">06.03.07 563</subfield>
  </datafield>
  <datafield ind1=" " ind2=" " tag="100">
    <subfield code="a">Campos Jara, Anabelle</subfield>
  </datafield>
  <datafield ind1=" " ind2=" " tag="245">
    <subfield code="a">Perfil personal y profesional del profesor de estudios sociales</subfield>
  </datafield>
  <datafield ind1=" " tag="260" ind2=" ">
    <subfield code="a">San José, Costa Rica : </subfield>
    <subfield code="b">Ministerio de Educación Pública, </subfield>
    <subfield code="c">1990</subfield>
  </datafield>
  <datafield ind1=" " tag="300" ind2=" ">
    <subfield code="a">80 páginas</subfield>
  </datafield>
  <datafield ind1=" " tag="500" ind2=" ">
    <subfield code="a">A la cabeza de la portada: Ministerio de Educación Pública. Departamento de Investigación Educativa</subfield>
  </datafield>
  <datafield ind1=" " tag="650" ind2=" ">
    <subfield code="a">ENSEÑANZA PROFESIONAL</subfield>
  </datafield>
  <datafield tag="650" ind2=" " ind1=" ">
    <subfield code="a">FORMACION DE DOCENTES </subfield>
  </datafield>
  <datafield tag="650" ind2=" " ind1=" ">
    <subfield code="a">ESTUDIOS SOCIALES</subfield>
  </datafield>
  <datafield ind2=" " tag="650" ind1=" ">
    <subfield code="a">EDUCACION </subfield>
  </datafield>
  <datafield tag="650" ind2=" " ind1=" ">
    <subfield code="a">PERFIL PERSONAL</subfield>
  </datafield>
  <datafield ind1=" " ind2=" " tag="650">
    <subfield code="a">PERFIL PROFESIONAL</subfield>
  </datafield>
  <datafield ind1=" " ind2=" " tag="651">
    <subfield code="a">COSTA RICA</subfield>
  </datafield>
  <datafield tag="942" ind2=" " ind1=" ">
    <subfield code="p">00135</subfield>
  </datafield>
  <datafield tag="999" ind2=" " ind1=" ">
    <subfield code="c">1895</subfield>
    <subfield code="d">1895</subfield>
  </datafield>
</record>